@online{wikipediacomplexity,
    title = "Computational complexity",
    url  = "https://en.wikipedia.org/wiki/Computational_complexity",
    keywords = "big O, algorithms, complexity"
}

@online{wikipediabigo,
    title = "Big O notation",
    url  = "https://en.wikipedia.org/wiki/Big_O_notation",
    keywords = "big O, algorithms, complexity"
}

@online{wikidatastructure,
    title = "Data structure",
    url  = "https://en.wikipedia.org/wiki/Data_structure",
    keywords = "data structure, algorithms, complexity"
}

@online{wikiabstractdatatype,
    title = "Abstract data type",
    url  = "https://en.wikipedia.org/wiki/Abstract_data_type",
    keywords = "abstract data type, algorithms, complexity"
}

@online{wikidatatype,
    title = "Data type",
    url  = "https://en.wikipedia.org/wiki/Data_type",
    keywords = "data type, algorithms, complexity"
}

@online{wikicollection,
    title = "Collection (abstract data type)",
    url  = "https://en.wikipedia.org/wiki/Collection_(abstract_data_type)",
    keywords = "collection, algorithms, complexity"
}

@online{wikilist,
    title = "List (abstract data type)",
    url  = "https://en.wikipedia.org/wiki/List_(abstract_data_type)",
    keywords = "list, algorithms, complexity"
}

@online{wikiarray,
    title = "Array data structure",
    url  = "https://en.wikipedia.org/wiki/Array_data_structure",
    keywords = "array, algorithms, complexity"
}

@online{wikilinkedlist,
    title = "Linked list",
    url  = "https://en.wikipedia.org/wiki/Linked_list",
    keywords = "linked list, algorithms, complexity"
}

@online{wikidoublylinkedlist,
    title = "Doubly linked list",
    url  = "https://en.wikipedia.org/wiki/Doubly_linked_list",
    keywords = "doubly linked list, algorithms, complexity"
}

@online{wikistack,
    title = "Stack (abstract data type)",
    url  = "https://en.wikipedia.org/wiki/Stack_(abstract_data_type)",
    keywords = "stack, algorithms, complexity"
}

@online{wikiqueue,
    title = "Queue (abstract data type)",
    url  = "https://en.wikipedia.org/wiki/Queue_(abstract_data_type)",
    keywords = "queue, algorithms, complexity"
}

@online{wikisearch,
    title = "Search algorithm",
    url  = "https://en.wikipedia.org/wiki/Search_algorithm",
    keywords = "search algorithm, algorithms, complexity"
}

@online{wikisorting,
    title = "Sorting algorithm",
    url  = "https://en.wikipedia.org/wiki/Sorting_algorithm",
    keywords = "sorting algorithm, algorithms, complexity"
}

@online{wikibinarysearch,
    title = "Binary search algorithm",
    url  = "https://en.wikipedia.org/wiki/Binary_search_algorithm",
    keywords = "binary search algorithm, algorithms, complexity"
}

@online{wikirecursion,
    title = "Recursion (computer science)",
    url  = "https://en.wikipedia.org/wiki/Recursion_(computer_science)",
    keywords = "recursion, algorithms, complexity"
}

@online{wikibubblesort,
    title = "Bubble sort",
    url  = "https://en.wikipedia.org/wiki/Bubble_sort",
    keywords = "bubble sort, algorithms, complexity"
}

@online{wikimergesort,
    title = "Merge sort",
    url  = "https://en.wikipedia.org/wiki/Merge_sort",
    keywords = "merge sort, algorithms, complexity"
}

@online{wikiqicksort,
    title = "Quicksort",
    url  = "https://en.wikipedia.org/wiki/Quicksort",
    keywords = "quicksort, algorithms, complexity"
}

@online{wikiheapsort,
    title = "Heapsort",
    url  = "https://en.wikipedia.org/wiki/Heapsort",
    keywords = "heapsort, algorithms, complexity"
}

@online{quicksortcode,
    title = "Quicksort python implementation",
    url  = "https://www.educative.io/edpresso/how-to-implement-quicksort-in-python",
    keywords = "quicksort, python, algorithms, complexity"
}

@online{wikiset,
    title = "Set",
    url  = "https://en.wikipedia.org/wiki/Set_(abstract_data_type)",
    keywords = "set, algorithms, complexity"
}

@online{wikihashmap,
    title = "Hash map",
    url  = "https://en.wikipedia.org/wiki/Associative_array",
    keywords = "hash map, associative array, algorithms, complexity"
}

@online{wikihashtable,
    title = "Hash talbe",
    url  = "https://en.wikipedia.org/wiki/Hash_table",
    keywords = "hash table, algorithms, complexity"
}

@online{wikihashfunction,
    title = "Hash function",
    url  = "https://en.wikipedia.org/wiki/Hash_function",
    keywords = "hash function, algorithms, complexity"
}

@online{wikitrees,
    title = "Trees",
    url  = "https://en.wikipedia.org/wiki/Tree_(data_structure)",
    keywords = "trees, algorithms, complexity"
}